@incollection {faber,
    AUTHOR = {Faber, Carel},
     TITLE = {Algorithms for computing intersection numbers on moduli spaces
              of curves, with an application to the class of the locus of
              {J}acobians},
 BOOKTITLE = {New trends in algebraic geometry ({W}arwick, 1996)},
    SERIES = {London Math. Soc. Lecture Note Ser.},
    VOLUME = {264},
     PAGES = {93--109},
 PUBLISHER = {Cambridge Univ. Press},
   ADDRESS = {Cambridge},
      YEAR = {1999},
   MRCLASS = {14H10 (14C17 14K10)},
  MRNUMBER = {1714822 (2000m:14032)},
MRREVIEWER = {Gilberto Bini},
       DOI = {10.1017/CBO9780511721540.006},
       URL = {http://dx.doi.org/10.1017/CBO9780511721540.006},
}

@Article{yang,
	author = {Yang, Stephanie},
	title = {Intersection Numbers on $\overline{{M}}_{g,n}$},
	year  ={2010},
	journal = {The Journal of Software for Algebra and Geometry}
}

@ARTICLE{liu-xu,
   author = {{Liu}, K. and {Xu}, H.},
    title = "{An effective recursion formula for computing intersection numbers}",
  journal = {ArXiv e-prints},
archivePrefix = "arXiv",
   eprint = {0710.5322},
 primaryClass = "math.AG",
 keywords = {Mathematics - Algebraic Geometry},
     year = 2007,
    month = oct,
   adsurl = {http://adsabs.harvard.edu/abs/2007arXiv0710.5322L},
  adsnote = {Provided by the SAO/NASA Astrophysics Data System}
}

@article {AC,
    AUTHOR = {Arbarello, Enrico and Cornalba, Maurizio},
     TITLE = {Combinatorial and algebro-geometric cohomology classes on the
              moduli spaces of curves},
   JOURNAL = {J. Algebraic Geom.},
  FJOURNAL = {Journal of Algebraic Geometry},
    VOLUME = {5},
      YEAR = {1996},
    NUMBER = {4},
     PAGES = {705--749},
      ISSN = {1056-3911},
   MRCLASS = {14H10 (14C17)},
  MRNUMBER = {1486986 (99c:14033)},
MRREVIEWER = {Montserrat Teixidor i Bigas},
}

@incollection {mumford,
    AUTHOR = {Mumford, David},
     TITLE = {Towards an enumerative geometry of the moduli space of curves},
 BOOKTITLE = {Arithmetic and geometry, {V}ol. {II}},
    SERIES = {Progr. Math.},
    VOLUME = {36},
     PAGES = {271--328},
 PUBLISHER = {Birkh\"auser Boston},
   ADDRESS = {Boston, MA},
      YEAR = {1983},
   MRCLASS = {14H10 (14C15)},
  MRNUMBER = {717614 (85j:14046)},
MRREVIEWER = {Werner Kleinert},
}